
@article{onnes1911disappearance,
  title={The disappearance of the resistivity of mercury, Comm},
  author={Onnes, HK},
  journal={Leiden 119b, 120b, 122b, 124c},
  year={1911}
}

@article{bednorz1986possible,
  title={Possible high \upper{T}c superconductivity in the \upper{B}a- \upper{L}a- \upper{C}u- \upper{O} system},
  author={Bednorz, J George and M{\"u}ller, K Alex},
  journal={Zeitschrift f{\"u}r Physik B Condensed Matter},
  volume={64},
  number={2},
  pages={189--193},
  year={1986},
  publisher={Springer}
}

@book{ashcroft_mermin_1976,
place="New York",
title="Solid state physics",
publisher="Holt", 
author="Ashcroft, Neil W and Mermin, N",
year="1976"
}

@book{kittel_2004,
place="Hoboken, NJ",
title="Introduction to solid state physics",
publisher="Wiley",
author="Kittel, Charles",
year="2004"
}

@book{sheahen1994introduction,
  title={Introduction to high-temperature superconductivity},
  author={Sheahen, Thomas},
  year={1994},
  publisher={Springer Science \& Business Media}
}

@book{HTC_springer,
  place={Cham, Germany},
  title={High-Temperature Superconductors},
  author={Wesche, R.},
  year={2017},
  publisher={Springer Handbook of Electronic and Photonic Materials; Springer International Publishing}
}



@article{ginzburg1991high,
  title={High-temperature superconductivity (history and general review)},
  author={Ginzburg, Vitalii L},
  journal={Soviet Physics Uspekhi},
  volume={34},
  number={4},
  pages={283},
  year={1991},
  publisher={IOP Publishing}
}

@article{cuprate_review,
  title={A review on cuprate based superconducting materials including characteristics and applications},
  author={Rahman, Atikur and Rahaman, Zahidur and Samsuddoha, Nurush},
  journal={American Journal of Physics and Applications},
  volume={3},
  number={2},
  pages={39--56},
  year={2015},
  publisher={Citeseer}
}

@article{BCSth,
  title = {Theory of Superconductivity},
  author = {Bardeen, J. and Cooper, L. N. and Schrieffer, J. R.},
  journal = {Phys. Rev.},
  volume = {108},
  issue = {5},
  pages = {1175--1204},
  numpages = {0},
  year = {1957},
  month = {Dec},
  publisher = {American Physical Society},
  doi = {10.1103/PhysRev.108.1175},
  url = {https://link.aps.org/doi/10.1103/PhysRev.108.1175}
}

@misc{mazzoldi2002fisica,
  title={Fisica Volume \uppercase{II}},
  author={Mazzoldi, P. and Nigro, M. and Voci, C.},
  year={2017},
  publisher={EdiSES}
}

@article{metodo_tc,
author = {Murase, S. and Itoh, K. and Wada, H. and Noto, K. and Kimura, Y. and Tanaka, Yoshiya and Osamura, Kozo},
year = {2001},
month = {08},
pages = {1197-1200},
title = {Critical temperature measurement method of composite superconductor},
volume = {357-360},
journal = {Physica C: Superconductivity},
doi = {10.1016/S0921-4534(01)00483-X} 
}